@book{cameron1996learning,
  title =   {Learning GNU Emacs},
  author =   {Cameron, Debra and Rosenblatt, Bill and Raymond, Eric and Raymond, Eric S},
  year =  {1996},
  publisher =  {O'Reilly Media, Inc.}
}

@book{chassell2004introduction,
  title =  {An Introduction to Programming in Emacs Lisp},
  author =  {Chassell, Robert J},
  year =  {2004},
  publisher =  {GNU Press}
}

@misc{van1993pstricks,
  title={PSTricks-PostScript macros for generic TEX},
  author={Van Zandt, Timothy and Vo{\ss}, Herbert},
  year={1993}
}

@book{eckel2000thinking,
  title={Thinking in C++, Volume 1: Introduction to Standard C++},
  author={Eckel, Bruce},
  year={2000},
  publisher={Prentice Hall PTR}
}

@book{eckel2004thinking,
  title={Thinking in C++, Volume 2 : Practical Programming},
  author={Eckel, Bruce and Allison, Chuck},
  year={2004},
  publisher={Pearson/Prentice Hall}
}


